@book{norman2002design,
  title={{The design of everyday things}},
  author={Norman, D.A.},
  year={2002},
  publisher={Basic Books New York}
}

@book{brooksjr2010tdod,
  title={{The Design of Design}},
  author={Brooks Jr, F.P.},
  year={2010},
  publisher={Addison-Wesley}
}

@book{crockford2008javascript,
  title={{JavaScript: the good parts}},
  author={Crockford, D.},
  year={2008},
  publisher={O'Reilly}
}

@book{alexander1979timeless,
  title={{The timeless way of building}},
  author={Alexander, C.},
  year={1979},
  publisher={Oxford University Press, USA}
}

@book{evans2004domain,
  title={{Domain-Driven Design}},
  author={Evans, E.},
  year={2004},
  publisher={Addison-Wesley}
}

@book{beck2003test,
  title={{Test-driven development: By example}},
  author={Beck, K.},
  year={2003},
  publisher={Addison-Wesley}
}

@mastersthesis{guillemette2009dsl,
  title={{Vers l'utilisation de DSL et de langages dynamiques en entreprise. Une {\'e}tude de cas avec Groovy.}},
  author={Guillemette, F-X.},
  year={2009},
  school={{Universit{\'e} du Qu{\'e}bec {\`a} Montr{\'e}al}}
}

@book{odersky2008ps,
  title={{Programming in Scala}},
  author={Odersky, M. and Spoon, L. and Venners, B.},
  year={2008},
  publisher={Artima Press}
}

@book{subramaniam2009ps,
  title={{Programming Scala: Tackle Multi-Core Complexity on the Java Virtual Machine}},
  author={Subramaniam, V.},
  year={2009},
  publisher={Pragmatic Bookshelf}
}

@book{mcconnell2006software,
  title={{Software Estimation: Demystifying the Black Art}},
  author={McConnell, S.},
  year={2006},
  publisher={Microsoft Press Redmond, WA, USA}
}

@book{swicegood2008pragmatic,
  title={{Pragmatic Version Control Using Git}},
  author={Swicegood, T.},
  year={2008},
  publisher={Pragmatic Bookshelf}
}

@book{martin2009cc,
  title={{Clean Code. A Handbook of Agile Software Craftsmanship}},
  author={Martin, R.C.},
  year={2009},
  publisher={Prentice Hall}
}

@book{bloch2008ejp,
  title={{Effective Java programming language guide}},
  edition={second},
  author={Bloch, J.},
  year={2008},
  publisher={Sun Microsystems, Inc. Mountain View, CA, USA}
}

@book{tulach2008pad,
  title={{Practical API Design: Confessions of a Java Framework Architect}},
  author={Tulach, J.},
  year={2008},
  publisher={Apress}
}

@book{ford2008pp,
  title={{The Productive Programmer}},
  author={Ford, N.},
  year={2008},
  publisher={O'Reilly}
}

@book{mitnick2002ad,
  title={{The Art of Deception}},
  author={Mitnick K.D. and Simon W.L.},
  year={2002},
  publisher={Wiley}
}

@book{hunt2008ptl,
  title={{Pragmatic Thinking and Learning}},
  author={Hunt, A.},
  year={2008},
  publisher={Pragmatic Bookshelf}
}

@book{cockburn2002asd,
  title={{Agile Software Development}},
  author={Cockburn, A.},
  year={2002},
  publisher={Addison Wesley}
}

@book{weinberg1998pcp,
  title={{The Psychology of Computer Programming}},
  author={Weinberg, G.M.},
  year={1998},
  edition={Silver Anniversary},
  publisher={Dorset House}
}

@book{lowagie2007ia,
  title={{iText in Action}},
  author={Lowagie, B.},
  year={2007},
  publisher={Manning}
}

@book{cavaness2006qjs,
  title={{Quartz Job Scheduling Framework: Building Open Source Enterprise Applications}},
  author={Cavaness, C.},
  year={2006},
  publisher={Prentice Hall}
}

@book{bauer2007jph,
  title={{Java Persistence with Hibernate}},
  author={Bauer, C. and King, G.},
  year={2007},
  publisher={Manning}
}

@book{bergsten2003jp,
  title={{JavaServer Pages}},
  author={Bergsten, H.},
  year={2003},
  publisher={O'Reilly Media, Inc.}
}

@book{cadenhead1999jpf,
  title={{JAVA2 Plate-forme}},
  author={Cadenhead, R.},
  year={1999},
  publisher={Le tout en poche, CampusPress}
}

@book{campbell2005wdg,
  title={{Web Design Garage}},
  author={Campbell, M.},
  year={2005},
  publisher={Prentice Hall}
}

@book{cherkaoui1998t,
  title={{La t{\'e}l{\'e}informatique}},
  author={Cherkaoui, O.},
  year={1998},
  publisher={Cheneli{\`e}re/McGraw-Hill}
}

@book{clark2008arr,
  title={{Advanced Rails Recipes}},
  author={Clark, M.},
  year={2008},
  publisher={Pragmatic Bookshelf}
}

@book{crane2006aa,
  title={{Ajax in action}},
  author={Crane, D. and Pascarello, E. and James, D.},
  year={2006},
  publisher={Manning}
}

@book{danciu2007dgj,
  title={{The Definitive Guide to JasperReports}},
  author={Danciu, T. and Chirita, L.},
  year={2007},
  publisher={Apress}
}

@book{davis2008gr,
  title={{Groovy Recipes: Greasing the Wheels of Java}},
  author={Davis, S.},
  year={2008},
  publisher={Pragmatic Bookshelf}
}

@book{englander2002jas,
  title={{Java and SOAP}},
  author={Englander, R.},
  year={2002},
  publisher={O'Reilly}
}

@book{fitzgerald2003lx,
  title={{Learning XSLT}},
  author={Fitzgerald, M.},
  year={2003},
  publisher={O'Reilly Media, Inc.}
}

@book{flanagan2005jn,
  title={{Java in a Nutshell}},
  author={Flanagan, D.},
  year={2005},
  edition={fifth},
  publisher={O'Reilly Media, Inc.}
}

@book{harold2004xn,
  title={{XML in a Nutshell}},
  author={Harold, E.R. and Means, W.S.},
  year={2004},
  edition={third},
  publisher={O'Reilly}
}

@book{hewitt2005jg,
  title={{Java Garage}},
  author={Hewitt, E.},
  year={2005},
  publisher={Prentice Hall PTR}
}

@book{jia2000oos,
  title={{Object-oriented software development using Java}},
  author={Jia, X.},
  year={2003},
  edition={second},
  publisher={Addison-Wesley Reading, Mass}
}

@book{konig2007ga,
  title={{Groovy in Action}},
  author={K{\"o}nig, D. and Glover, A.},
  year={2007},
  publisher={Manning}
}

@book{laddad2003aap,
  title={{AspectJ in Action: Practical Aspect-Oriented Programming}},
  author={Laddad, R.},
  year={2003},
  publisher={Manning}
}

@book{lutz2004lp,
  title={{Learning Python}},
  author={Lutz, M. and Ascher, D.},
  year={2004},
  publisher={O'Reilly Media, Inc.}
}

@book{maesano2003swa,
  title={{Services Web avec J2EE et .NET: Conception et impl{\'e}mentations}},
  author={Maesano, L. and Bernard, C. and Le Galles, X.},
  year={2003},
  publisher={Eyrolles}
}

@book{marick2007esr,
  title={{Everyday Scripting with Ruby: For Teams, Testers, and You}},
  author={Marick, B.},
  year={2007},
  publisher={Pragmatic Bookshelf}
}

@book{mckay2004dgp,
  title={{The Definitive Guide to Plone}},
  author={McKay, A.},
  year={2004},
  publisher={Apress}
}

@book{pawson2002xfm,
  title={{XSL-FO: Making XML Look Good in Print}},
  author={Pawson, D.},
  year={2002},
  publisher={O'Reilly}
}

@book{peak2006hq,
  title={{Hibernate Quickly}},
  author={Peak, P. and Heudecker, N.},
  year={2006},
  publisher={Manning}
}

@book{ray2003lx,
  title={{Learning XML}},
  author={Ray, E.T.},
  year={2003},
  edition={second},
  publisher={O'Reilly}
}

@book{richardson2007rws,
  title={{RESTful Web Services}},
  author={Richardson, L. and Ruby, S.},
  year={2007},
  publisher={O'Reilly}
}

@book{schmidt2006eir,
  title={{Enterprise Integration with Ruby}},
  author={Schmidt, M.},
  year={2006},
  publisher={Pragmatic Bookshelf}
}

@book{thomas2001pr,
  title={{Programming Ruby}},
  author={Thomas, D. and Hunt, A.},
  year={2001},
  publisher={Addison-Wesley}
}

@book{thomas2005awdr,
  title={{Agile web development with rails}},
  author={Thomas, D. and Hansson, D.H.},
  year={2005},
  publisher={Pragmatic Programmers}
}

@book{toffoli2007dgi,
  title={{The Definitive Guide to iReport (Expert's Voice)}},
  author={Toffoli, G.},
  year={2007},
  publisher={Apress}
}

@book{walls2005sa,
  title={{Spring in Action}},
  author={Walls, C. and Breidenbach, R.},
  year={2005},
  publisher={Manning}
}

@book{mcconnell2004cc,
  title={{Code complete}},
  author={McConnell, S.},
  year={2004},
  edition={second},
  publisher={Microsoft Press}
}

@book{hunt1999ppj,
  title={{The Pragmatic Programmer: From Journeyman to Master}},
  author={Hunt, A. and Thomas, D.},
  year={1999},
  publisher={Addison-Wesley Professional}
}

@book{thomas2003pvc,
  title={{Pragmatic Version Control with CVS}},
  author={Thomas, D. and Hunt, A.},
  year={2003},
  publisher={Pragmatic Bookshelf}
}

@book{hunt2003put,
  title={{Pragmatic Unit Testing in Java with JUnit}},
  author={Hunt, A. and Thomas, D.},
  year={2003},
  publisher={The Pragmatic Programmers}
}

@book{clark2004ppa,
  title={{Pragmatic project automation}},
  author={Clark, M.},
  year={2004},
  publisher={Pragmatic Bookshelf}
}

@book{steel2006csp,
  title={{Core Security Patterns}},
  author={Steel, C. and Nagappan, R. and Lai, R.},
  year={2006},
  publisher={Sun Microsystem}
}

@book{hohpe2003eip,
  title={{Enterprise integration patterns}},
  author={Hohpe, G. and Woolf, B.},
  year={2003},
  publisher={Addison-Wesley Boston}
}

@book{fowler2003poeaa,
  title={{Patterns of Enterprise Application Architecture}},
  author={Fowler, M.},
  year={2003},
  publisher={Addison-Wesley Professional}
}

@book{beck2008ip,
  title={{Implementation Patterns}},
  author={Beck, K.},
  year={2008},
  publisher={Addison-Wesley Professional}
}

@book{hohmann2003bsa,
  title={{Beyond Software Architecture: Creating and Sustaining Winning Solutions}},
  author={Hohmann, L.},
  year={2003},
  publisher={Addison-Wesley Professional}
}

@book{kaisler2005sp,
  title={{Software Paradigms}},
  author={Kaisler, S.H.},
  year={2005},
  publisher={John Wiley \& Sons}
}

@book{gamma1995dpe,
  title={{Design patterns: elements of reusable object-oriented software}},
  author={Gamma, E. and Helm, R. and Johnson, R. and Vlissides, J.},
  year={1995},
  publisher={Addison-Wesley}
}

@book{fowler1999rid,
  title={{Refactoring: Improving the Design of Existing Code}},
  author={Fowler, M.},
  year={1999},
  publisher={Addison-Wesley Professional}
}

@book{larman2001aua,
  title={{Applying UML and Patterns}},
  author={Larman, C.},
  year={2005},
  edition={third},
  publisher={Prentice Hall}
}

@book{pressman2005sep,
  title={{Software Engineering: A Practitioner's Approach}},
  author={Pressman, R.S.},
  year={2001},
  edition={fifth},
  publisher={Boston}
}

@book{tremblay2000msfl,
  title={{Modélisation et spécification formelle des logiciels}},
  author={Tremblay, G.},
  year={2000},
  publisher={Loze-Dion}
}

@book{grayII2007tm,
  title={{TextMate: Power Editing for the Mac}},
  author={Gray II, J.E.},
  year={2007},
  publisher={Pragmatic Bookshelf}
}

@book{carlson2005ed,
  title={{Eclipse Distilled}},
  author={Carlson, D.},
  year={2005},
  publisher={Addison-Wesley}
}

@book{boudreau2007rcp,
  title={{Rich Client Programming: Plugging into the NetBeans (TM) Platform}},
  author={Boudreau, T. and Tulach, J. and Wielenga, G.},
  year={2007},
  publisher={Prentice Hall}
}

@book{patterson1993cod,
  title={{Computer organization \& design: the hardware/software interface}},
  author={Patterson, D.A. and Hennessy, J.L.},
  edition={third},
  year={2005},
  publisher={Morgan Kaufmann Publishers Inc.}
}

@book{hennessy2001aoa,
  title={{Architecture des ordinateurs: une approche quantitative}},
  author={Hennessy, J.L. and Patterson, D.A. and Etiemble, D.},
  year={1996},
  publisher={Thomson}
}

@book{mcconnell1996rdt,
  title={{Rapid Development: Taming Wild Software Schedules}},
  author={McConnell, S.},
  year={1996},
  publisher={Microsoft Press}
}

@book{brooksjr1995mmm,
  title={{The mythical man-month (anniversary ed.)}},
  author={Brooks Jr, F.P.},
  year={1995},
  publisher={Addison-Wesley}
}

@article{raymond1999cab,
  title={{The Cathedral and the Bazaar}},
  author={Raymond, E.},
  journal={Knowledge, Technology, and Policy},
  volume={12},
  number={3},
  pages={23--49},
  year={1999},
  publisher={Springer}
}

@book{feuerstein2007ops,
  title={{Oracle PL/SQL Language Pocket Reference}},
  author={Feuerstein, S. and Pribyl, B. and Dawes, C.},
  year={2003},
  publisher={O'Reilly Media, Inc.}
}

@book{godin2003sgb,
  title={{Systèmes de gestion de bases de données par l'exemple}},
  author={Godin, R.},
  year={2003},
  publisher={Loze-Dion}
}

@book{gennick2004osp,
  title={{Oracle SQL Plus Pocket Reference}},
  author={Gennick, J.},
  year={2002},
  edition={second},
  publisher={O'Reilly Media, Inc.}
}

@book{andrew2001mos,
  title={{Modern Operating Systems}},
  author={Andrew, S.T.},
  year={2001},
  edition={second},
  publisher={Prentice Hall}
}

@book{silberschatz2000pase,
  title={{Principes appliqués des systèmes d'exploitation}},
  author={Silberschatz, A. and Galvin, P. and Gagne, G.},
  year={2000},
  publisher={Vuibert}
}

@book{wielsch1999bl,
  title={{La Bible Linux}},
  author={Wielsch, H.G.E.M. and Prahm, J. and Esser, HG},
  journal={Micro Application},
  year={1999}
}

@book{parr2007carg,
  title={{The Complete ANTLR Reference Guide}},
  author={Parr, T.},
  year={2007},
  publisher={Pragmatic Bookshelf}
}

@book{appel2002mci,
  title={{Modern Compiler Implementation in Java}},
  author={Appel, A.W. and Palsberg, J.},
  year={2002},
  edition={second},
  publisher={Cambridge University Press}
}

@book{horstmann1997ccc,
  title={{Computing Concepts with C++ Essentials}},
  author={Horstmann, C.S.},
  year={2003},
  edition={third},
  publisher={John Wiley \& Sons}
}

@book{schildt2003ccp,
  title={{C/C++ Programmer's Reference}},
  author={Schildt, H.},
  year={1997},
  publisher={McGraw Hill}
}

@book{delannoy1999eelc,
  title={{Exercices en langage C++}},
  author={Delannoy, C.},
  year={1999},
  publisher={Eyrolles}
}

@book{loudon2003cpr,
  title={{C++ Pocket Reference}},
  author={Loudon, K.},
  year={2003},
  publisher={O'Reilly Media, Inc.}
}

@book{stephane1999lct,
  title={{Le langage C++}},
  author={Dupin, S.},
  year={1999},
  publisher={Le tout en poche, CampusPress}
}

@book{williams1998vc6,
  title={{Visual C++}},
  author={Williams, M.},
  year={1998},
  publisher={Le tout en poche, CampusPress}
}

@book{willms1996llc,
  title={{La langage C}},
  author={Willms, G.},
  year={1996},
  publisher={Micro Application}
}

@book{deitel2000cpc,
  title={{Comment programmer en C++}},
  author={Deitel, H.M. and Deitel, P.J.},
  year={2000},
  edition={seconde},
  publisher={Editions Reynald Goulet}
}

@book{thompson1999hcf,
  title={{The Haskell: The Craft of Functional Programming}},
  author={Thompson, S.},
  year={1999},
  publisher={Addison-Wesley}
}

@book{covington1988ppd,
  title={{Prolog programming in depth}},
  author={Covington, M.A. and Nute, D. and Vellino, A.},
  year={1997},
  publisher={Prentice-Hall}
}

@book{woo2000ogl,
  title={{OpenGL{\textregistered}:[1.2: guide officiel]}},
  author={Woo, M.},
  year={2000},
  publisher={CampusPress}
}

@book{pennington1999gga,
  title={{Programmation GTK+/Gnome}},
  author={Pennington, H.},
  year={1999},
  publisher={CampusPress Reference}
}

@book{mercier1989adpap,
  title={{Assembleur. Une découverte pas à pas}},
  author={Mercier, P.},
  year={1989},
  publisher={Marabout}
}

@book{cormen1994ia,
  title={{Introduction {\`a} l'algorithmique}},
  author={Cormen, T.H. and Leiserson, C.E. and Rivest, R.L. and Chrétienne, P. and Cazin, X.},
  year={1994},
  publisher={Dunod}
}

@book{ramaswami1998onp,
  title={{Optical networks: a practical perspective}},
  author={Ramaswami, R. and Sivarajan, K.N.},
  year={1998},
  publisher={Morgan Kaufmann Publishers Inc.}
}

@book{wakerly1994ddp,
  title={{Digital design: principles and practices}},
  author={Wakerly, J.F.},
  year={2001},
  edition={third},
  publisher={Prentice-Hall}
}
